1956 3698
279 114 361 221 Ad
395 118 685 221 Lestorem'ss
872 152 875 157 ’

125 278 393 396 Craterum,
428 306 493 377 ne
516 275 646 411 quld
660 274 895 378 honorau-

55 410 137 513 elae
154 414 330 519 Matri
347 412 582 517 Eoclefiae
600 413 898 546 Anglicanae

56 548 264 675 (nedum
287 548 575 686 Scriptura)
598 552 764 653 miuus
790 562 899 651 con·'
949 664 956 675 ,

45 682 293 818 mutiens,
306 686 550 807 currenti,
569 719 657 791 mc
670 682 898 825 satispe'·

56 822 177 945 rito,
212 822 406 949 ¹calamo
428 821 739 941 excideram
774 844 898 927 ame

54 959 281 1095 petitam
316 960 414 1090 (de
449 958 614 1089 more)
651 958 898 1096 Typarum

60 1096 282 1233 Copiam,
318 1095 840 1201 exhibendumcuraui
853 1130 898 1198 o·

49 1228 309 1370 pasculum
322 1266 550 1337 unacum
559 1233 903 1339 Additameu.

60 1370 150 1490 tis,
186 1372 318 1509 Viro
341 1373 621 1477 admodum
636 1378 899 1479 Reveren-

61 1509 147 1627 do,
183 1509 320 1610 &in
355 1513 501 1617 Coelo
537 1507 772 1614 Ecclefiae
795 1542 899 1613 non

10 1732 14 1741 .
61 1643 195 1753 Loci
230 1646 394 1780 magis
431 1675 586 1780 quam
607 1644 792 1749 Meriti
823 1647 899 1749 sui

10 1845 41 1907 f·
61 1780 315 1889 Claritate
331 1781 675 1919 praefulgenti,
693 1781 782 1918 qui
796 1814 902 1883 ocu·

10 1980 14 1993 ·
61 1918 129 2021 lis
148 1919 409 2055 Aquiliais
421 1917 779 2059 perlustratum
802 1919 902 2047 (ita

10 2114 13 2161 :
63 2056 201 2161 enim
223 2056 283 2193 fir
304 2057 453 2189 nostra
485 2073 663 2189 rogatu
679 2050 903 2191 facilem

10 2195 27 2287 l
67 2190 337 2296 demittere
343 2194 443 2323 fibi
456 2194 674 2330 placuit)
691 2193 898 2327 remifit,

11 2356 15 2365 ·
67 2336 152 2463 (m
166 2330 293 2467 qaid
302 2328 471 2432 dicam
484 2324 785 2464 iuvidiafius)
801 2328 903 2442 fine

10 2584 12 2591 ,
65 2468 287 2603 probr03
309 2469 606 2606 quinetiam,
616 2466 902 2604 publiciJu-

68 2605 142 2710 ris
147 2602 380 2733 facerem
398 2610 645 2714 Hortatur
660 2604 865 2737 exstitit.
939 2716 942 2721 ,

138 2748 371 2881 Sapereil
389 2744 494 2846 lma
519 2743 614 2845 dua
640 2770 791 2881 porro
809 2774 905 2841 mo·

68 2912 233 2983 uram.
252 2876 906 3017 MeprimoscilicetiuTex·

71 3020 209 3121 tibus
231 3025 277 3127 S
304 3020 573 3156 Scriptura
594 3012 908 3155 appellandis

72 3184 229 3293 mque
253 3152 511 3259 credulam
532 3185 688 3292 neque
705 3150 911 3288 perjuri·

459 3296 491 3396 b
828 3286 927 3386 &u-
